%----------------------------------------------------------------------------------------
%	BOOK, ARTICLE, JOURNAL, THESIS,...
%----------------------------------------------------------------------------------------

@inproceedings{Quigley2009,
    author={Quigley, Morgan and Conley, Ken and Gerkey, Brian and Faust, Josh and Foote, Tully and Leibs, Jeremy and Wheeler, Rob and Ng, Andrew Y},
    title={{ROS}: an open-source {R}obot {O}perating {S}ystem},
    booktitle={Proceedings of the IEEE/RSJ International Conference on Intelligent Robots and Systems},
    pages={2567--2574},
    year={2009},
    organization={IEEE}
}

@book{Thrun2005,
    author={Thrun, Sebastian and Burgard, Wolfram and Fox, Dieter},
    title={Probabilistic robotics},
    publisher={MIT Press},
    address={Cambridge, MA},
    year={2005},
    pages={661}
}

@book{Siciliano2009,
    author={Siciliano, Bruno and Sciavicco, Lorenzo and Villani, Luigi and Oriolo, Giuseppe},
    title={Robotics: modelling, planning and control},
    publisher={Springer},
    address={London},
    year={2009},
    pages={632}
}

@book{tobias:book,
author = "Tobias Oetiker and Hubert Partl and Irene Hyna and Elisabeth Schlegl",
title = "The {N}ot {S}o {S}hort {I}ntroduction to \LaTeX{}2e",
year = "2010",
address = "Olten, Switzerland",
url = "https://tobi.oetiker.ch/lshort/",
urldate = {2021-06-21}
}

@book{kopka:guide,
author = "Kopka, Helmut",
title = "Guide to \LaTeX{}",
publisher = "Addison-Wesley",
year = "2004",
address = "Boston",
isbn = {0321173856}
}

%----------------------------------------------------------------------------------------
%	WEB, VIDEO, SOCIAL MEDIA,...
%----------------------------------------------------------------------------------------

@online{wikibooks:latex,
author = "wikibooks.org",
title = "\LaTeX{}",
year = "2005",
publisher = "{wikibooks.org}",
url = "http://en.wikibooks.org/wiki/LaTeX",
urldate = {2012-11-05}
}


@video{youtube:biblatex,
author = " ShareLaTeX",
title = "\LaTeX{} Tutorial pt 5 - Bibliographies and Natbib",
year = "2013",
url = "https://www.youtube.com/watch?v=-N2qtTnP1sg",
urldate = {2019-11-05}
}

%----------------------------------------------------------------------------------------
%	SOFTWARE, MANUAL,...
%----------------------------------------------------------------------------------------

@manual{ctan:biblatex,
author = "Philip Kime and Moritz Wemheuer and Philipp Lehman",
title = "The biblatex Package",
subtitle = "Programmable Bibliographies and Citations",
version = "3.16",
year = "2020",
url = "http://mirrors.ctan.org/macros/latex/contrib/biblatex/doc/biblatex.pdf",
urldate = {2021-06-16}
}

%----------------------------------------------------------------------------------------
%	LEGAL, LAW, CONSTITUTION, CHARTER, PATENT, STANDARD,...
%----------------------------------------------------------------------------------------

@legal{un:udhr,
  organization = {United Nations},
  title = {The Universal Declaration of Human Rights},
  url = {https://www.un.org/en/about-us/universal-declaration-of-human-rights},
  urldate = {2021-06-18},
  year = 1948
}
